<record><leader>00000cas a22000007a 4500</leader><controlfield tag="001">21616902</controlfield><controlfield tag="008">900529d18981903coudn ne      0    0eng d</controlfield><datafield ind1=" " ind2=" " tag="010"><subfield code="a">sn 90051342 </subfield></datafield><datafield ind1=" " ind2=" " tag="040"><subfield code="a">CNQ</subfield><subfield code="b">eng</subfield><subfield code="c">CNQ</subfield><subfield code="d">OCLCQ</subfield></datafield><datafield ind1=" " ind2=" " tag="042"><subfield code="a">msc</subfield></datafield><datafield ind1="0" ind2="4" tag="245"><subfield code="a">The Florence daily tribune.</subfield></datafield><datafield ind1=" " ind2=" " tag="260"><subfield code="a">Florence, Colo. :</subfield><subfield code="b">B.F.N. MacRorie</subfield></datafield><datafield ind1=" " ind2=" " tag="300"><subfield code="a">v.</subfield></datafield><datafield ind1=" " ind2=" " tag="310"><subfield code="a">Daily (except Sun.)</subfield></datafield><datafield ind1="0" ind2=" " tag="362"><subfield code="a">Vol. 1, no. 1 (Mar. 2, 1898)- ; -v. 10, no. 145 (Feb. 19, 1903).</subfield></datafield><datafield ind1=" " ind2=" " tag="530"><subfield code="a">Available on microfilm from the Colorado Historical Society.</subfield></datafield><datafield ind1=" " ind2=" " tag="752"><subfield code="a">United States</subfield><subfield code="b">Colorado</subfield><subfield code="c">Fremont</subfield><subfield code="d">Florence.</subfield></datafield><datafield ind1="0" ind2="0" tag="785"><subfield code="t">Daily tribune (Florence, Colo. : 1903)</subfield><subfield code="w">(DLC)sn 90051356</subfield></datafield></record>